@article{besley2015scientists,
  title={What do scientists think about the public and does it matter to their online engagement?},
  author={Besley, John C},
  journal={Science and Public Policy},
  volume={42},
  number={2},
  pages={201--214},
  year={2015},
  publisher={Oxford University Press}
}
@article{besley2018understanding,
  title={Understanding scientists? willingness to engage},
  author={Besley, John C and Dudo, Anthony and Yuan, Shupei and Lawrence, Frank},
  journal={Science Communication},
  volume={40},
  number={5},
  pages={559--590},
  year={2018},
  publisher={SAGE Publications Sage CA: Los Angeles, CA}
}
@article{besley2013predicting,
  title={Predicting scientists? participation in public life},
  author={Besley, John C and Oh, Sang Hwa and Nisbet, Matthew},
  journal={Public understanding of science},
  volume={22},
  number={8},
  pages={971--987},
  year={2013},
  publisher={Sage Publications Sage UK: London, England}
}
@article{brossard2013science,
  title={Science, new media, and the public},
  author={Brossard, Dominique and Scheufele, Dietram A},
  journal={Science},
  volume={339},
  number={6115},
  pages={40--41},
  year={2013},
  publisher={American Association for the Advancement of Science}
}
@article{dudo2014analysis,
  title={An analysis of nanoscientists as public communicators},
  author={Dudo, Anthony and Kahlor, LeeAnn and AbiGhannam, Niveen and Lazard, Allison and Liang, Ming-Ching},
  journal={Nature Nanotechnology},
  volume={9},
  number={10},
  pages={841},
  year={2014},
  publisher={Nature Publishing Group}
}
@article{dunwoody2009socialization,
  title={Socialization or rewards? Predicting US scientist-media interactions},
  author={Dunwoody, Sharon and Brossard, Dominique and Dudo, Anthony},
  journal={Journalism \& Mass Communication Quarterly},
  volume={86},
  number={2},
  pages={299--314},
  year={2009},
  publisher={SAGE Publications Sage CA: Los Angeles, CA}
}
@article{fletcher2018people,
  title={Are people incidentally exposed to news on social media? A comparative analysis},
  author={Fletcher, Richard and Nielsen, Rasmus Kleis},
  journal={New media \& society},
  volume={20},
  number={7},
  pages={2450--2468},
  year={2018},
  publisher={SAGE Publications Sage UK: London, England}
}
@article{funk2017science,
  title={Science news and information today},
  author={Funk, Cary and Gottfried, Jeffrey and Mitchell, Amy},
  journal={Pew Research Center},
  year={2017}
}
@article{jia2017encountered,
  title={Encountered but not engaged: Examining the use of social media for science communication by Chinese scientists},
  author={Jia, Hepeng and Wang, Dapeng and Miao, Weishan and Zhu, Hongjun},
  journal={Science Communication},
  volume={39},
  number={5},
  pages={646--672},
  year={2017},
  publisher={SAGE Publications Sage CA: Los Angeles, CA}
}
@article{junger2020does,
  title={Does really no one care? Analyzing the public engagement of communication scientists on Twitter},
  author={J{\"u}nger, Jakob and F{\"a}hnrich, Birte},
  journal={New Media \& Society},
  volume={22},
  number={3},
  pages={387--408},
  year={2020},
  publisher={SAGE Publications Sage UK: London, England}
}
@article{keller2014mind,
  title={Mind the gap: social media engagement by public health researchers},
  author={Keller, Brett and Labrique, Alain and Jain, Kriti M and Pekosz, Andrew and Levine, Orin},
  journal={Journal of medical Internet research},
  volume={16},
  number={1},
  pages={e8},
  year={2014},
  publisher={JMIR Publications Inc., Toronto, Canada}
}
@article{peters2014public,
  title={Public communication of science 2.0},
  author={Peters, Hans Peter and Dunwoody, Sharon and Allgaier, Joachim and Lo, Yin-Yueh and Brossard, Dominique},
  journal={EMBO reports},
  volume={15},
  number={7},
  pages={749--753},
  year={2014},
  publisher={John Wiley \& Sons, Ltd}
}
@article{poliakoff2007factors,
  title={What factors predict scientists' intentions to participate in public engagement of science activities?},
  author={Poliakoff, Ellen and Webb, Thomas L},
  journal={Science communication},
  volume={29},
  number={2},
  pages={242--263},
  year={2007},
  publisher={Sage Publications Sage CA: Los Angeles, CA}
}
@article{rowe2005typology,
  title={A typology of public engagement mechanisms},
  author={Rowe, Gene and Frewer, Lynn J},
  journal={Science, Technology, \& Human Values},
  volume={30},
  number={2},
  pages={251--290},
  year={2005},
  publisher={Sage Publications Sage CA: Thousand Oaks, CA}
}
@article{smith2015wow,
  title={" Wow, I didn't know that before; thank you": How scientists use Twitter for public engagement.},
  author={Smith, Alison},
  journal={Journal of Promotional Communications},
  volume={3},
  number={3},
  year={2015}
}
@article{yeo2017case,
  title={The case of\# arseniclife: Blogs and Twitter in informal peer review},
  author={Yeo, Sara K and Liang, Xuan and Brossard, Dominique and Rose, Kathleen M and Korzekwa, Kaine and Scheufele, Dietram A and Xenos, Michael A},
  journal={Public Understanding of Science},
  volume={26},
  number={8},
  pages={937--952},
  year={2017},
  publisher={SAGE Publications Sage UK: London, England}
}
@article{nsb2018science,
  title={Science and engineering indicators 2018},
  author={National Science Board},
  year={2018},
  publisher={Alexandria, VA: National Science Foundation}
}
@misc{cohen2003applied,
  title={Applied multiple correlation/regression analysis for the social sciences},
  author={Cohen, Jacob and Cohen, Patricia and West, SG and Aiken, LS},
  year={2003},
  publisher={Hillsdale, NJ: Erlbaum}
}